@Misc{repo,
	Author = "Milo Yip",
	Title = "A fast JSON parser/generator for C++ with both SAX/DOM style API",
	Note = "https://github.com/miloyip/rapidjson",
	Year = "2016"
}

@Misc{performance,
	Author = "Milo Yip",
	Title = "Performance",
	Note = "https://code.google.com/p/rapidjson/wiki/Performance",
	Year = "2016"
}

@Misc{tutorial,
	Author = "THL A29 Limited, a Tencent company, and Milo Yip",
	Title = "Tutorial",
	Note = "http://rapidjson.org/md_doc_tutorial.html",
	Year = "2016"
}