% This file was created with JabRef 2.11.1.
% Encoding: UTF-8


@Misc{wonenTussen100Sensoren,
  Title                    = {Wonen tussen 100 sensoren: het Internet of Things start bij jou thuis},
  Author                   = {Rob Blaauboer},
  HowPublished             = {\url{http://www.frankwatching.com/archive/2014/10/07/wonen-tussen-100-sensoren-het-internet-of-things-start-bij-jou-thuis/}},
  Day					   = {07},
  Month                    = {10},
  Year                     = {2014}
}

